@ARTICLE{acharjya12,
author = {Pinaki Pratim Acharjya and Dibyendu Ghoshal},
title = {{An Overview on Watershed Transform and Its Consequences}},
journal = {International Journal of Engineering and Innovative Technology (IJEIT)},
volume = {1},
number = {5},
month = {May},
year = {2012},
pages = {168-172}
}

@ARTICLE{acharjya13,
author = {Pinaki Pratim Acharjya and Dibyendu Ghoshal},
title = {{An Approach To Reduce Oversegmentation In Watershed Ridge Line Observation}},
journal = {International Journal of Advancements in Research \& Technology},
volume = {2},
number = {6},
month = {June},
year = {2013},
pages = {290-294}
}

@ARTICLE{akthar12,
author = {Shameem Akthar and D Rajya Lakshmi and Syed Abdul Sattar},
title = {{Suppression of Oversegmentation in Watershed Transform Using Pre-Processing Method}},
journal = {International Journal of Computer Technology and Electronics Engineering (IJCTEE)},
volume = {2},
number = {2},
month = {April},
year = {2012},
pages = {179-182}
}

@ARTICLE{bala12,
author = {Anju Bala},
title = {{An Improved Watershed Image Segmentation Technique using MATLAB}},
journal = {International Journal of Scientific \& Engineering Research},
volume = {3},
number = {6},
month = {June},
year = {2012}
}

@ARTICLE{belaid09,
author = {Lamia Jaafar Belaid and Walid Mourou},
title = {{Image Segmentation: A Watershed Transformation Algorithm}},
journal = {Image Analysis \& Stereology},
volume = {28},
year = {2009},
pages = {93-102}
}

@INPROCEEDINGS{bieniecki04,
author = {Wojciech Bieniecki},
title = {{Oversegmentation avoidance in watershed-based algorithms for color images}},
booktitle = {Modern Problems of Radio Engineering, Telecommunications and Computer Science, 2004. Proceedings of the International Conference.},
publisher = {IEEE},
year = {2004},
pages = {169-172}
}

@INPROCEEDINGS{consularo07,
author = {Lu{\'i}s Augusto Consularo and Roberto M Cesar-Jr and Luiz Henrique de Figueiredo and Isabelle Bloch},
title = {{Oversegmentation control for inexact graph matching: first results}},
booktitle = {Proceedings of the International Symposium on Mathematical Morphology (ISMM)},
year = {2007},
pages = {375-386}
}

@INCOLLECTION{duarte05,
author = {Abraham Duarte and {\'A}ngel S{\'a}nchez and Felipe Fern{\'a}ndez and Antonio Sanz},
title = {{Region Merging for Severe Oversegmented Images using a Hierarchical Social Metaheuristic}},
booktitle = {{Applications of Evolutionary Computing}},
publisher = {Springer Berlin Heidelberg},
year = {2005},
pages = {345-355}
}

@ARTICLE{frucci06,
author = {Maria Frucci},
title = {{Oversegmentation Reduction by Flooding Regions and Digging Watershed Lines}},
journal = {International Journal of Pattern Recognition and Artificial Intelligence},
volume = {20},
number = {1},
month = {February},
year = {2006}
}

@ARTICLE{frucci08,
author = {Maria Frucci and Gabriella Sanniti di Baja},
title = {{Oversegmentation reduction in watershed-based grey-level image segmentation}},
journal = {International Journal of Signal and Imaging Systems Engineering},
volume = {1},
number = {1},
month = {April},
year = {2008},
pages = {4-10}
}

@INPROCEEDINGS{gies04,
author = {Valentin Gies and Thierry M Bernard},
title = {{Statistical Solution to Watershed Over-Segmentation}},
booktitle = {Proceedings of the 2004 International Conference on Image Processing (ICIP)},
volume = {3},
year = {2004},
pages = {1863-1866}
}

@ARTICLE{gonzalez09,
author = {M A Gonzalez and V L Ballarin},
title = {{Automatic marker determination algorithm for watershed segmentation using clustering}},
journal = {Latin American Applied Research},
volume = {39},
number = {3},
month = {July},
year = {2009}
}

@ARTICLE{gonzalez13,
author = {Mariela Azul Gonzalez and Gustavo Javier Meschino and Virginia Laura Ballarin},
title = {{Solving the over segmentation problem in applications of Watershed Transform}},
journal = {Journal of Biomedical Graphics \& Computing},
volume = {3},
number = {3},
month = {August},
year = {2013},
pages = {29-40}
}

@ARTICLE{kaur11,
author = {Pawanpreet Kaur and Amit Kamra},
title = {{An Optimal Approach to Alleviate the Problem of Over-Segmentation}},
journal = {International Journal of Computer Science and Communication},
volume = {2},
number = {1},
year = {2011},
pages = {215-218}
}

@INPROCEEDINGS{moumoun10b,
author = {Lahcen Moumoun and M Chahhou and T Gadi and R Benslimane},
title = {{Solving the 3D watershed over-segmentation problem using the generic adjacency graph}},
booktitle = {Proceedings of the 5th International Symposium on I/V Communications and Mobile Networks (ISVC)},
year = {2010},
pages = {1-4}
}

@ARTICLE{patino05,
author = {Luis Patino},
title = {{Fuzzy relations applied to minimize over segmentation in watershed algorithms}},
journal = {Pattern Recognition},
volume = {26},
pages = {819-828},
year = {2005}
}

@INPROCEEDINGS{prochazka10,
author = {Ale{\v{s}} Proch{\'a}zka and Oldrich Vysata and Eva Jerhotova},
title = {{Wavelet Use for Reduction of Watershed Transform Over-Segmentation in Biomedical Images Processing}},
booktitle = {Proceedings of the 10th IEEE International Conference on Information Technology and Applications in Biomedicine (ITAB)},
year = {2010},
pages = {1-4}
}

@ARTICLE{stawiaski08,
author = {Jean Stawiaski and Etienne Decenci\`ere},
title = {{Region Merging via Graph-Cuts}},
journal = {Image Analysis \& Stereology},
volume = {27},
year = {2008},
pages = {39-45}
}

@INCOLLECTION{swiercz11,
author = {Michal Swiercz and Marcin Iwanowski},
title = {{Waterball -- Iterative Watershed Algorithm with Reduced Oversegmentation}},
booktitle = {{Computer Recognition Systems 4}},
publisher = {Springer Berlin Heidelberg},
series = {Advances in Intelligent and Soft Computing},
volume = {95},
year = {2011},
pages = {385-394}
}

@ARTICLE{tolosa09,
author = {S C Tolosa and S Blacher and A Denis and A Marajofsky and J P Pirard and C J Gommes},
title = {{Two methods of random seed generation to avoid over-segmentation with stochastic watershed: application to nuclear fuel micrographs}},
journal = {Journal of Microscopy},
volume = {236},
number = {1},
month = {October},
year = {2009},
pages = {79-86}
}

@INPROCEEDINGS{vanderstockt02,
author = {Yann Vanderstockt and R N Whyte},
title = {{Watershed Transformation: Reducing the Over-Segmentation Problem by Applying a Noise Reducer and a Region Merger}},
booktitle = {WSCG (Posters)},
year = {2012},
pages = {57-60}
}

@ARTICLE{yahya13,
author = {Ali Abdullah Yahya and Jieqing Tan and Min Hu},
title = {{A Novel Model of Image Segmentation Based on Watershed Algorithm}},
journal = {Advances in Multimedia},
volume = {2013},
year = {2013}
}

@INPROCEEDINGS{zhu09,
author = {Hui Zhu and Bofeng Zhang and Anping Song and Wu Zhang},
title = {{An Improved Method to Reduce Over-Segmentation of Watershed Transformation and its Application in the Contour Extraction of Brain Image}},
booktitle = {Proceedings of the Eighth IEEE International Conference on Dependable, Autonomic and Secure Computing (DASC)},
year = {2009},
pages = {407-412}
}
